
@misc{bunting,
	title = {Effect of Genotype and Environment on Organic Winter and Spring Naked Barley Composition and Food Functionality},
	author = {Bunting, Jordyn S.},
	note = {Publisher: Oregon State University},
	langid = {http://id.loc.gov/vocabulary/iso639-2/eng}
}
